@misc{zhang2018mixup,
      title={mixup: Beyond Empirical Risk Minimization}, 
      author={Hongyi Zhang and Moustapha Cisse and Yann N. Dauphin and David Lopez-Paz},
      year={2018},
      eprint={1710.09412},
      archivePrefix={arXiv},
      primaryClass={cs.LG}
}

@misc{yun2019cutmix,
      title={CutMix: Regularization Strategy to Train Strong Classifiers with Localizable Features}, 
      author={Sangdoo Yun and Dongyoon Han and Seong Joon Oh and Sanghyuk Chun and Junsuk Choe and Youngjoon Yoo},
      year={2019},
      eprint={1905.04899},
      archivePrefix={arXiv},
      primaryClass={cs.CV}
}

@misc{xie2017aggregated,
      title={Aggregated Residual Transformations for Deep Neural Networks}, 
      author={Saining Xie and Ross Girshick and Piotr Doll√°r and Zhuowen Tu and Kaiming He},
      year={2017},
      eprint={1611.05431},
      archivePrefix={arXiv},
      primaryClass={cs.CV}
}

@misc{zhang2020resnest,
      title={ResNeSt: Split-Attention Networks}, 
      author={Hang Zhang and Chongruo Wu and Zhongyue Zhang and Yi Zhu and Haibin Lin and Zhi Zhang and Yue Sun and Tong He and Jonas Mueller and R. Manmatha and Mu Li and Alexander Smola},
      year={2020},
      eprint={2004.08955},
      archivePrefix={arXiv},
      primaryClass={cs.CV}
}

@misc{huang2018densely,
      title={Densely Connected Convolutional Networks}, 
      author={Gao Huang and Zhuang Liu and Laurens van der Maaten and Kilian Q. Weinberger},
      year={2018},
      eprint={1608.06993},
      archivePrefix={arXiv},
      primaryClass={cs.CV}
}